<?xml version = "1.0" encoding = "UTF-8"?><OAI-PMH xmlns="http://www.openarchives.org/OAI/2.0/" xmlns:xsi="http://www.w3.org/2001/XMLSchema-instance" xsi:schemaLocation="http://www.openarchives.org/OAI/2.0/ http://www.openarchives.org/OAI/2.0/OAI-PMH.xsd"><ListRecords><record><header><identifier>aleph-publish:000045461</identifier></header><metadata><record xmlns="http://www.ddb.de/professionell/mabxml/mabxml-1.xsd"><leader>00342vM2.01200024------h</leader><controlfield tag="LDR">00342vM2.01200024------h</controlfield><controlfield tag="FMT">MH</controlfield><datafield tag="001" ind1="-" ind2="1"><subfield code="a">HT000052280</subfield></datafield><datafield tag="002" ind1="a" ind2="1"><subfield code="a">20000126</subfield></datafield><datafield tag="003" ind1="-" ind2="1"><subfield code="a">20210317190700.0</subfield></datafield><datafield tag="025" ind1="o" ind2="1"><subfield code="a">610787988</subfield></datafield><controlfield tag="030">a|1uc||||||17</controlfield><datafield tag="036" ind1="a" ind2="1"><subfield code="a">GB</subfield></datafield><datafield tag="037" ind1="b" ind2="1"><subfield code="a">eng</subfield></datafield><controlfield tag="050">a|||||||||||||</controlfield><controlfield tag="051">m|||||||</controlfield><datafield tag="070" ind1="-" ind2="1"><subfield code="a">61</subfield></datafield><datafield tag="070" ind1="b" ind2="1"><subfield code="a">385</subfield></datafield><datafield tag="080" ind1="-" ind2="1"><subfield code="a">60</subfield></datafield><datafield tag="100" ind1="-" ind2="1"><subfield code="p">Broad, Charlie D.</subfield><subfield code="d">1887-1971</subfield><subfield code="9">(DE-588)118935259</subfield></datafield><datafield tag="101" ind1="-" ind2="1"><subfield code="p">Broad, C. D.</subfield><subfield code="d">1887-1971</subfield></datafield><datafield tag="101" ind1="-" ind2="1"><subfield code="p">Broad, Charlie Dunbar</subfield><subfield code="d">1887-1971</subfield></datafield><datafield tag="101" ind1="-" ind2="1"><subfield code="p">Broad, C.D.</subfield><subfield code="d">1887-1971</subfield></datafield><datafield tag="331" ind1="-" ind2="1"><subfield code="a">Kant</subfield></datafield><datafield tag="335" ind1="-" ind2="1"><subfield code="a">an introduction</subfield></datafield><datafield tag="359" ind1="-" ind2="1"><subfield code="a">C. D. Broad</subfield></datafield><datafield tag="410" ind1="-" ind2="1"><subfield code="a">Cambridge</subfield></datafield><datafield tag="412" ind1="-" ind2="1"><subfield code="a">Cambridge Univ. Pr.</subfield></datafield><datafield tag="425" ind1="a" ind2="1"><subfield code="a">1978</subfield></datafield><datafield tag="433" ind1="-" ind2="1"><subfield code="a">XII, 319 S.</subfield></datafield><datafield tag="540" ind1="a" ind2="1"><subfield code="a">0-521-21755-5</subfield></datafield><datafield tag="540" ind1="a" ind2="1"><subfield code="a">0-521-29265-4</subfield></datafield><datafield tag="902" ind1="-" ind2="1"><subfield code="p">Kant, Immanuel</subfield><subfield code="d">1724-1804</subfield><subfield code="9">(DE-588)118559796</subfield></datafield><datafield tag="902" ind1="-" ind2="1"><subfield code="s">Philosophie</subfield><subfield code="9">(DE-588)4045791-6</subfield></datafield><controlfield tag="SYS">000045461</controlfield><datafield tag="LOW" ind1="-" ind2="1"><subfield code="a">Q1157</subfield></datafield><datafield tag="LOW" ind1="-" ind2="1"><subfield code="a">K1100</subfield></datafield><datafield tag="952" ind1="-" ind2="1"><subfield code="p">Kant, Imānūīl</subfield><subfield code="d">1724-1804</subfield></datafield><datafield tag="952" ind1="-" ind2="1"><subfield code="p">Kant, Immanuïl</subfield><subfield code="d">1724-1804</subfield></datafield><datafield tag="952" ind1="-" ind2="1"><subfield code="p">Kant, Immanuelʹ</subfield><subfield code="d">1724-1804</subfield></datafield><datafield tag="952" ind1="-" ind2="1"><subfield code="p">Kant, Immānū&apos;ēl</subfield><subfield code="d">1724-1804</subfield></datafield><datafield tag="952" ind1="-" ind2="1"><subfield code="p">Kant, Imanuell</subfield><subfield code="d">1724-1804</subfield></datafield><datafield tag="952" ind1="-" ind2="1"><subfield code="p">Kant, Immanowel</subfield><subfield code="d">1724-1804</subfield></datafield><datafield tag="952" ind1="-" ind2="1"><subfield code="p">Kantius</subfield><subfield code="d">1724-1804</subfield></datafield><datafield tag="952" ind1="-" ind2="1"><subfield code="p">Kanto, Imanueru</subfield><subfield code="d">1724-1804</subfield></datafield><datafield tag="952" ind1="-" ind2="1"><subfield code="p">Kānt, ʿImānūʾīl</subfield><subfield code="d">1724-1804</subfield></datafield><datafield tag="952" ind1="-" ind2="1"><subfield code="p">Kānt, ʿAmānūʾīl</subfield><subfield code="d">1724-1804</subfield></datafield><datafield tag="952" ind1="-" ind2="1"><subfield code="p">Ḳanṭ, ʿImanuʾel</subfield><subfield code="d">1724-1804</subfield></datafield><datafield tag="952" ind1="-" ind2="1"><subfield code="p">Kānṭ, ʿAmmānūʾīl</subfield><subfield code="d">1724-1804</subfield></datafield><datafield tag="952" ind1="-" ind2="1"><subfield code="p">Cant</subfield><subfield code="d">1724-1804</subfield></datafield><datafield tag="952" ind1="-" ind2="1"><subfield code="p">Kanti, Imanuel</subfield><subfield code="d">1724-1804</subfield></datafield><datafield tag="952" ind1="-" ind2="1"><subfield code="p">Kants, Imanuels</subfield><subfield code="d">1724-1804</subfield></datafield><datafield tag="952" ind1="-" ind2="1"><subfield code="p">Kants, Immanuēls</subfield><subfield code="d">1724-1804</subfield></datafield><datafield tag="952" ind1="-" ind2="1"><subfield code="p">Kantas, I.</subfield><subfield code="d">1724-1804</subfield></datafield><datafield tag="952" ind1="-" ind2="1"><subfield code="p">Kantas, Imanuelis</subfield><subfield code="d">1724-1804</subfield></datafield><datafield tag="952" ind1="-" ind2="1"><subfield code="p">Pseudo-Kant</subfield><subfield code="d">1724-1804</subfield></datafield><datafield tag="952" ind1="-" ind2="1"><subfield code="p">Yi man nu er Kang de</subfield><subfield code="d">1724-1804</subfield></datafield><datafield tag="952" ind1="-" ind2="1"><subfield code="p">Yimannuer-Kangde</subfield><subfield code="d">1724-1804</subfield></datafield><datafield tag="952" ind1="-" ind2="1"><subfield code="p">Kangde, Yimannuer</subfield><subfield code="d">1724-1804</subfield></datafield><datafield tag="952" ind1="-" ind2="1"><subfield code="p">Kang de</subfield><subfield code="d">1724-1804</subfield></datafield><datafield tag="952" ind1="-" ind2="1"><subfield code="p">Kangde</subfield><subfield code="d">1724-1804</subfield></datafield><datafield tag="952" ind1="-" ind2="1"><subfield code="p">Kant, Immanuil</subfield><subfield code="d">1724-1804</subfield></datafield><datafield tag="952" ind1="-" ind2="1"><subfield code="p">Kant, Imm.</subfield><subfield code="d">1724-1804</subfield></datafield><datafield tag="952" ind1="-" ind2="1"><subfield code="p">Kant, Inmanuel</subfield><subfield code="d">1724-1804</subfield></datafield><datafield tag="952" ind1="-" ind2="1"><subfield code="p">Kant, Manuel</subfield><subfield code="d">1724-1804</subfield></datafield><datafield tag="952" ind1="-" ind2="1"><subfield code="p">Kant</subfield><subfield code="d">1724-1804</subfield></datafield><datafield tag="952" ind1="-" ind2="1"><subfield code="p">Qanṭ, Immānū&apos;ēl</subfield><subfield code="d">1724-1804</subfield></datafield><datafield tag="952" ind1="-" ind2="1"><subfield code="p">Kanto</subfield><subfield code="d">1724-1804</subfield></datafield><datafield tag="952" ind1="-" ind2="1"><subfield code="p">K&apos;ang-tê, I.</subfield><subfield code="d">1724-1804</subfield></datafield><datafield tag="952" ind1="-" ind2="1"><subfield code="p">K&apos;ang-tê</subfield><subfield code="d">1724-1804</subfield></datafield><datafield tag="952" ind1="-" ind2="1"><subfield code="p">Kānt</subfield><subfield code="d">1724-1804</subfield></datafield><datafield tag="952" ind1="-" ind2="1"><subfield code="p">Kānṭ, Imainual</subfield><subfield code="d">1724-1804</subfield></datafield><datafield tag="952" ind1="-" ind2="1"><subfield code="p">Kant, Immanuïl</subfield><subfield code="d">1724-1804</subfield></datafield><datafield tag="952" ind1="-" ind2="1"><subfield code="p">Kānt, ʿImānūīl</subfield><subfield code="d">1724-1804</subfield></datafield><datafield tag="952" ind1="-" ind2="1"><subfield code="p">Kant, Imanuwil</subfield><subfield code="d">1724-1804</subfield></datafield><datafield tag="952" ind1="-" ind2="1"><subfield code="p">Kant, Immanual</subfield><subfield code="d">1724-1804</subfield></datafield><datafield tag="952" ind1="-" ind2="1"><subfield code="p">Kant, Immanuell</subfield><subfield code="d">1724-1804</subfield></datafield><datafield tag="952" ind1="-" ind2="1"><subfield code="p">Kanto, I.</subfield><subfield code="d">1724-1804</subfield></datafield><datafield tag="952" ind1="-" ind2="1"><subfield code="p">Kant, Imanuel</subfield><subfield code="d">1724-1804</subfield></datafield><datafield tag="952" ind1="-" ind2="1"><subfield code="p">Kant, I.</subfield><subfield code="d">1724-1804</subfield></datafield><datafield tag="952" ind1="-" ind2="1"><subfield code="p">Kant, Emanuel</subfield><subfield code="d">1724-1804</subfield></datafield><datafield tag="952" ind1="-" ind2="1"><subfield code="p">Kant, Emanuele</subfield><subfield code="d">1724-1804</subfield></datafield><datafield tag="952" ind1="-" ind2="1"><subfield code="p">Kant, Emmanuel</subfield><subfield code="d">1724-1804</subfield></datafield><datafield tag="952" ind1="-" ind2="1"><subfield code="p">Kant, Emmanuele</subfield><subfield code="d">1724-1804</subfield></datafield><datafield tag="952" ind1="-" ind2="1"><subfield code="p">Kant, E.</subfield><subfield code="d">1724-1804</subfield></datafield><datafield tag="952" ind1="-" ind2="1"><subfield code="p">Kant, Manuele</subfield><subfield code="d">1724-1804</subfield></datafield><datafield tag="952" ind1="-" ind2="1"><subfield code="p">Kant, M.</subfield><subfield code="d">1724-1804</subfield></datafield><datafield tag="952" ind1="-" ind2="1"><subfield code="p">Kantius, Immanuel</subfield><subfield code="d">1724-1804</subfield></datafield><datafield tag="952" ind1="-" ind2="1"><subfield code="p">Kant, Imanuil</subfield><subfield code="d">1724-1804</subfield></datafield><datafield tag="952" ind1="-" ind2="1"><subfield code="p">Kant, Amanuil</subfield><subfield code="d">1724-1804</subfield></datafield><datafield tag="952" ind1="-" ind2="1"><subfield code="p">K`ant`u</subfield><subfield code="d">1724-1804</subfield></datafield><datafield tag="952" ind1="-" ind2="1"><subfield code="p">Canto, I.</subfield><subfield code="d">1724-1804</subfield></datafield><datafield tag="952" ind1="-" ind2="1"><subfield code="p">Kant, Im.</subfield><subfield code="d">1724-1804</subfield></datafield><datafield tag="952" ind1="-" ind2="1"><subfield code="p">Kant, `Imanu&apos;el</subfield><subfield code="d">1724-1804</subfield></datafield><datafield tag="952" ind1="-" ind2="1"><subfield code="p">Kānt, `Ammānūʹīl</subfield><subfield code="d">1724-1804</subfield></datafield><datafield tag="952" ind1="-" ind2="1"><subfield code="p">Kant, IImmanuil</subfield><subfield code="d">1724-1804</subfield></datafield><datafield tag="952" ind1="-" ind2="1"><subfield code="p">Kant</subfield><subfield code="d">1724-1804</subfield></datafield><datafield tag="952" ind1="-" ind2="1"><subfield code="p">Kantius, Immanowel</subfield><subfield code="d">1724-1804</subfield></datafield><datafield tag="952" ind1="-" ind2="1"><subfield code="p">Kant, Imainual</subfield><subfield code="d">1724-1804</subfield></datafield><datafield tag="952" ind1="-" ind2="1"><subfield code="p">K`ang-te</subfield><subfield code="d">1724-1804</subfield></datafield><datafield tag="952" ind1="-" ind2="1"><subfield code="p">Кант, И.</subfield><subfield code="d">1724-1804</subfield></datafield><datafield tag="952" ind1="-" ind2="1"><subfield code="p">Кант, Иммануел</subfield><subfield code="d">1724-1804</subfield></datafield><datafield tag="952" ind1="-" ind2="1"><subfield code="U">Cyrl</subfield><subfield code="p">Кант, Иммануил</subfield><subfield code="d">1724-1804</subfield></datafield><datafield tag="952" ind1="-" ind2="1"><subfield code="U">Jpan</subfield><subfield code="p">イマヌエル・カント</subfield><subfield code="d">1724-1804</subfield></datafield><datafield tag="952" ind1="-" ind2="1"><subfield code="U">Jpan</subfield><subfield code="p">カント, イマヌエル</subfield><subfield code="d">1724-1804</subfield></datafield><datafield tag="952" ind1="-" ind2="1"><subfield code="U">Hans</subfield><subfield code="p">康德, 伊曼纽尔</subfield><subfield code="d">1724-1804</subfield></datafield><datafield tag="952" ind1="-" ind2="1"><subfield code="U">Hebr</subfield><subfield code="p">קאנט, עמנואל</subfield><subfield code="d">1724-1804</subfield></datafield><datafield tag="952" ind1="-" ind2="1"><subfield code="U">Hebr</subfield><subfield code="p">קנט, עמנואל</subfield><subfield code="d">1724-1804</subfield></datafield><datafield tag="952" ind1="-" ind2="1"><subfield code="U">Cyrl</subfield><subfield code="p">Кант, Імануель</subfield><subfield code="d">1724-1804</subfield></datafield><datafield tag="952" ind1="-" ind2="1"><subfield code="s">Philosophieren</subfield></datafield><datafield tag="088" ind1=" " ind2=" "><subfield code="a">5/90</subfield><subfield code="b">00050001</subfield><subfield code="c">A 2450/6405</subfield><subfield code="e">keine ILL</subfield></datafield><datafield tag="088" ind1=" " ind2=" "><subfield code="a">38/401</subfield><subfield code="b">00013001</subfield><subfield code="c">401/N10Kant1320</subfield><subfield code="e">keine ILL</subfield></datafield><datafield tag="088" ind1=" " ind2=" "><subfield code="a">465</subfield><subfield code="b">E11</subfield><subfield code="c">JIQQ1129</subfield><subfield code="e">Ausleihbestand</subfield></datafield><datafield tag="088" ind1=" " ind2=" "><subfield code="a">6/015</subfield><subfield code="c">V 469/140</subfield><subfield code="e">keine Angabe</subfield></datafield><datafield tag="088" ind1=" " ind2=" "><subfield code="a">708</subfield><subfield code="c">JIQQ/BRO</subfield><subfield code="e">Keine Angabe</subfield></datafield><datafield tag="088" ind1=" " ind2=" "><subfield code="a">6</subfield><subfield code="c">3G 66695</subfield><subfield code="e">keine Angabe</subfield></datafield><datafield tag="088" ind1=" " ind2=" "><subfield code="a">385</subfield><subfield code="b">12</subfield><subfield code="c">MK.KA.6/b10852</subfield><subfield code="e">Normalausleihe</subfield></datafield><datafield tag="088" ind1=" " ind2=" "><subfield code="a">6/011</subfield><subfield code="c">Ph:M/III-Br(Q)4</subfield><subfield code="e">keine Angabe</subfield></datafield><datafield tag="088" ind1=" " ind2=" "><subfield code="a">361</subfield><subfield code="b">26_Mo</subfield><subfield code="c">BJ900+BR863.KA Y78</subfield><subfield code="e">ILL Kopie+Ausl.</subfield></datafield><datafield tag="088" ind1=" " ind2=" "><subfield code="a">61/25</subfield><subfield code="b">25</subfield><subfield code="c">phid13302.k16</subfield><subfield code="e">Ausleihbestand</subfield></datafield><datafield tag="088" ind1=" " ind2=" "><subfield code="a">467</subfield><subfield code="c">21JIQL1271</subfield><subfield code="e">keine Angabe</subfield></datafield><datafield tag="088" ind1=" " ind2=" "><subfield code="a">61</subfield><subfield code="b">MAK</subfield><subfield code="c">phig13402.k16</subfield><subfield code="e">Nicht benutzbar</subfield></datafield><datafield tag="700" ind1=" " ind2="9"><subfield code="a">12=MK</subfield><subfield code="2">T0011</subfield></datafield></record></metadata></record></ListRecords></OAI-PMH>